 @misc{ dewiki:238550386,
   author = "Wikipedia",
   title = "Fraktal - Wikipedia",
   year = "2023",
   howpublished = {\url{https://de.wikipedia.org/w/index.php?title=Fraktal&oldid=238550386}},
   note = {(Online; Stand 21. Dezember 2023)}
 }

@misc{Komplexe61:online,
author = {David Plotzki},
title = {Komplexe Zahlen},
howpublished = {\url{https://www.informatik.uni-leipzig.de/~meiler/Schuelerseiten.dir/DPlotzki/html/complex.htm}},
year = {1999},
note = {(Online; Stand 21. Dezember 2023)}
}

@misc{Mandelbr34:online,
author = {David Plotzki},
title = {Mandelbrotmenge},
howpublished = {\url{https://www.informatik.uni-leipzig.de/~meiler/Schuelerseiten.dir/DPlotzki/html/mndlbrt.htm}},
month = {},
year = {1999},
note = {(Online; Stand 21. Dezember 2023)}
}

@misc{Juliamen90:online,
author = {www.mathematik.ch},
title = {Juliamengen und Mandelbrotmenge},
howpublished = {\url{https://www.mathematik.ch/anwendungenmath/fractal/julia/}},
month = {},
year = {1997},
note = {(Online; Stand 21. Dezember 2023)}
}

@misc{JuliaMen20:online,
author = {Wikipedia},
title = {Julia-Menge â€“ Wikipedia},
howpublished = {\url{https://de.wikipedia.org/wiki/Julia-Menge}},
month = {},
year = {2023},
note = {(Online; Stand 21. Dezember 2023)}
}

@misc{InigoQui32:online,
author = {Inigo Quilez},
title = {computer graphics, mathematics, shaders, fractals, demoscene and more},
howpublished = {\url{https://iquilezles.org/articles/palettes/}},
month = {},
year = {},
note = {(Online; Stand 21. Dezember 2023)}
}

@misc{Komplexe14:online,
author = {Andreas Schneider},
title = {Komplexe Zahlen | Mathebibel},
howpublished = {\url{https://www.mathebibel.de/komplexe-zahlen}},
month = {},
year = {},
note = {(Online; Stand 21. Dezember 2023)}
}